@online {JSF_AV_CPP_CODING_STANDARD,
    author = {{Lockheed Martin Corporation}},
    title = {Joint Strike Fighter Air Vehicle C++ Coding Standards},
    publisher = {Lockheed Martin Corporation},
    year = {2005},
    url = "http://www.stroustrup.com/JSF-AV-rules.pdf",
    urldate = {2018-11-20}
}

@online {MISRA_CPP,
    author = {{AUTOSAR}},
    title = {Guidelines for the use of the C++14 language in critical and
    safety-related systems},
    publisher = {AUTOSAR},
    year = {2017},
    url = "https://www.autosar.org/fileadmin/user_upload/standards/adaptive/17-03/AUTOSAR_RS_CPP14Guidelines.pdf",
    urldate = {2018-11-20}
}

@online {SANE_AND_SAFE_CPP_CLASSES,
    author = {Peter Sommerlad},
    title = {{Sane and Safe C++ Classes}},
    publisher = {CppCon},
    year = {2018},
    urldate = {2018-11-23}
}